@inproceedings{walking,
	title={Incremental constructions con BRIO},
	author={Amenta, Nina and Choi, Sunghee and Rote, G{\"u}nter},
	booktitle={Proceedings of the nineteenth annual symposium on Computational geometry},
	pages={211--219},
	year={2003},
	organization={ACM}
}

@book{tricomplex,
	title={Lecture notes on Delaunay mesh generation},
	author={Shewchuk, Jonathan Richard},
	year={1999},
	publisher={Department of Electrical Engineering and Computer Science, University of California at Berkeley}
}

@book{okabe2009spatial,
	title={Spatial tessellations: concepts and applications of Voronoi diagrams},
	author={Okabe, Atsuyuki and Boots, Barry and Sugihara, Kokichi and Chiu, Sung Nok},
	volume={501},
	year={2009},
	publisher={John Wiley \& Sons}
}

@article{linearprog,
	title={A new formulation and resolution method for the p-center problem},
	author={Elloumi, Sourour and Labb{\'e}, Martine and Pochet, Yves},
	journal={INFORMS Journal on Computing},
	volume={16},
	number={1},
	pages={84--94},
	year={2004},
	publisher={INFORMS}
}

@incollection{incrementalcov,
	title={A computational geometry-based local search algorithm for planar location problems},
	author={Cambazard, Hadrien and Mehta, Deepak and Oâ€™Sullivan, Barry and Quesada, Luis},
	booktitle={Integration of AI and OR Techniques in Contraint Programming for Combinatorial Optimzation Problems},
	pages={97--112},
	year={2012},
	publisher={Springer}
}
