@online{waterloo_greece,
	title = {{Greece TSP dataset, University of Waterloo, Ontario, Canada.}},
	url = {http://www.math.uwaterloo.ca/tsp/world/grpoints.html},
	urldate = {2015-04-30}
	}
	
@online{waterloo_sweden,
	title = {{Sweden TSP dataset, University of Waterloo, Ontario, Canada.}},
	url = {http://www.math.uwaterloo.ca/tsp/world/swpoints.html},
	urldate = {2015-04-30}
	}
	
@book{pack1,
	title={New approaches to circle packing in a square: with program codes},
	author={Szab{\'o}, P{\'e}ter G{\'a}bor and Mark{\'o}t, Mihaly Csaba and Csendes, Tibor and Specht, Eckard and Casado, Leocadio G and Garc{\'\i}a, Inmaculada},
	volume={6},
	year={2007},
	publisher={Springer Science \& Business Media}
}
	
@article{pack2,
	title={Packing circles in a square: New putative optima obtained via global optimization},
	author={Addis, Bernardetta and Locatelli, Marco and Schoen, Fabio},
	journal={Optimization Online},
	volume={154},
	year={2005},
	publisher={Citeseer}
}

@article{pack3,
	title={Dichteste Packungen von gleichen Kreisen in einem Quadrat},
	author={Peikert, Ronald},
	journal={Elem. Math},
	volume={49},
	number={1},
	pages={16--26},
	year={1994}
}

@article{packing,
	title={The packing of equal circles in a square},
	author={Goldberg, Michael},
	journal={Mathematics Magazine},
	pages={24--30},
	year={1970},
	publisher={JSTOR}
}

@article{selection,
	title={Time bounds for selection},
	author={Blum, Manuel and Floyd, Robert W and Pratt, Vaughan and Rivest, Ronald L and Tarjan, Robert E},
	journal={Journal of computer and system sciences},
	volume={7},
	number={4},
	pages={448--461},
	year={1973},
	publisher={Elsevier}
}

@techreport{facilityloc,
	title={The uncapacitated facility location problem},
	author={Cornu{\'e}jols, G{\'e}rard and Nemhauser, George L and Wolsey, Lairemce A},
	year={1983},
	institution={DTIC Document}
}

@article{proximity,
	title={Relative neighborhood graphs and their relatives},
	author={Jaromczyk, Jerzy W and Toussaint, Godfried T},
	journal={Proceedings of the IEEE},
	volume={80},
	number={9},
	pages={1502--1517},
	year={1992},
	publisher={IEEE}
}
	
@article{gdccomplex,
	title={Algorithms for the set covering problem},
	author={Caprara, Alberto and Toth, Paolo and Fischetti, Matteo},
	journal={Annals of Operations Research},
	volume={98},
	number={1-4},
	pages={353--371},
	year={2000},
	publisher={Springer}
}

@article{kdtrees,
	title={Multidimensional binary search trees used for associative searching},
	author={Bentley, Jon Louis},
	journal={Communications of the ACM},
	volume={18},
	number={9},
	pages={509--517},
	year={1975},
	publisher={ACM}
}

@article{mediancomplex,
	title={Time bounds for selection},
	author={Blum, Manuel and Floyd, Robert W and Pratt, Vaughan and Rivest, Ronald L and Tarjan, Robert E},
	journal={Journal of computer and system sciences},
	volume={7},
	number={4},
	pages={448--461},
	year={1973},
	publisher={Elsevier}
}

@article{kdrange,
	title={Worst-case analysis for region and partial region searches in multidimensional binary search trees and balanced	quad trees},
	author={Lee, Der-Tsai and Wong, CK},
	journal={Acta Informatica},
	volume={9},
	number={1},
	pages={23--29},
	year={1977},
	publisher={Springer}
}

@inproceedings{walking,
	title={Incremental Constructions con {BRIO}},
	author={Amenta, Nina and Choi, Sunghee and Rote, G{\"u}nter},
	booktitle={Proceedings of the Nineteenth Annual Symposium on Computational Geometry},
	pages={211--219},
	year={2003},
	organization={ACM Press}
}

@book{tricomplex,
	title={Lecture Notes on Delaunay Mesh Generation},
	author={Shewchuk, Jonathan Richard},
	year={1999},
	publisher={Department of Electrical Engineering and Computer Science, University of California at Berkeley}
}

@article{linearprog,
	title={A New Formulation and Resolution Method for the p-center Problem},
	author={Elloumi, Sourour and Labb{\'e}, Martine and Pochet, Yves},
	journal={INFORMS Journal on Computing},
	volume={16},
	number={1},
	pages={84--94},
	year={2004},
	publisher={INFORMS}
}

@incollection{incrementalcov,
	title={A Computational Geometry-based Local Search Algorithm for Planar Location Problems},
	author={Cambazard, Hadrien and Mehta, Deepak and O’Sullivan, Barry and Quesada, Luis},
	booktitle={Integration of AI and OR Techniques in Contraint Programming for Combinatorial Optimzation Problems},
	pages={97--112},
	year={2012},
	publisher={Springer}
}


@inproceedings{tricard1,
	title={Verifying Spatial Queries using Voronoi Neighbors},
	author={Hu, Ling and Ku, Wei-Shinn and Bakiras, Spiridon and Shahabi, Cyrus},
	booktitle={Proceedings of the 18th SIGSPATIAL International Conference on Advances in Geographic Information Systems},
	pages={350--359},
	year={2010},
	organization={ACM Press}
}

@book{tricard2,
	title={Spatial Tessellations: Concepts and Applications of Voronoi Diagrams},
	author={Okabe, Atsuyuki and Boots, Barry and Sugihara, Kokichi and Chiu, Sung Nok},
	volume={501},
	year={2009},
	publisher={John Wiley \& Sons}
}

@incollection{greedyroute,
	title={Online Routing in Triangulations},
	author={Bose, Prosenjit and Morin, Pat},
	booktitle={Algorithms and Computation},
	pages={113--122},
	year={1999},
	publisher={Springer}
}

@article{complex,
	title={New Results on the Complexity of p-centre Problems},
	author={Megiddo, Nimrod and Tamir, Arie},
	journal={SIAM Journal on Computing},
	volume={12},
	number={4},
	pages={751--758},
	year={1983},
	publisher={SIAM}
}

@article{bwalgo,
	title={Computing Dirichlet Tessellations},
	author={Bowyer, Adrian},
	journal={The Computer Journal},
	volume={24},
	number={2},
	pages={162--166},
	year={1981},
	publisher={Br Computer Soc}
}

@book{sfcurves,
	title={Space-Filling Curves},
	author={Sagan, Hans},
	volume={18},
	year={1994},
	publisher={Springer-Verlag New York}
}

@article{diskcomplex,
	title={Approximation schemes for covering and packing problems in image processing and VLSI},
	author={Hochbaum, Dorit S and Maass, Wolfgang},
	journal={Journal of the ACM (JACM)},
	volume={32},
	number={1},
	pages={130--136},
	year={1985},
	publisher={ACM}
}

@book{approxalgos,
	title={Approximation algorithms},
	author={Vazirani, Vijay V},
	year={2013},
	publisher={Springer Science \& Business Media}
}

@inproceedings{approx,
	title={Approximation Algorithms for Facility Location Problems},
	author={David Shmoys and  {\'E}va Tardos and Karen Aardal},
	booktitle={Proceedings of the twenty-ninth annual ACM symposium on Theory of computing},
	pages={265--274},
	year={1997},
	organization={ACM Press}
}

@book{delbible,
	title={Computational Geometry},
	author={De Berg, Mark and Van Kreveld, Marc and Overmars, Mark and Schwarzkopf, Otfried Cheong},
	year={2000},
	publisher={Springer}
}

@mastersthesis{dvaz,
	author  =   {Daniel Vaz},
	title   =   {Subset Selection Algorithms in Multiobjective Optimization},
	school  =   {University of Coimbra},
	address =   {Portugal},
	type 	=	{{MSc} in Informatics Engineering},
	year    =   {2013}
}

@book{thisfref,
	title={Network and discrete location: models, algorithms, and applications},
	author={Daskin, Mark S},
	year={2011},
	publisher={John Wiley \& Sons}
}

@article{valenca,
	title={{Visualisation and Analysis of Geographic Information: Algorithms and Data Structures}},
	author={Valença, João},
	year={2015},
	journal={{AGILE 2015 - 18th International Conference on Geographic Information Systems }}
}