@article{complex,
	title={New Results on the Complexity of p-centre Problems},
	author={Megiddo, Nimrod and Tamir, Arie},
	journal={SIAM Journal on Computing},
	volume={12},
	number={4},
	pages={751--758},
	year={1983},
	publisher={SIAM}
}
@book{sfcurves,
	title={Space-Filling Curves},
	author={Sagan, Hans},
	volume={18},
	year={1994},
	publisher={Springer-Verlag New York}
}
@book{delbible,
	title={Computational Geometry},
	author={De Berg, Mark and Van Kreveld, Marc and Overmars, Mark and Schwarzkopf, Otfried Cheong},
	year={2000},
	publisher={Springer}
}

@article{greedy,
	title={Online Routing in Triangulations},
	journal={Algorithms and Computation, LNCS},
	author={Bose, Prosenjit and Morin, Pat},
	volume={1741},
	pages={113--122},
	year={1999},
	publisher={Springer}
}

@article{approx,
	title={A greedy heuristic for the set-covering problem},
	author={Chvatal, Vasek},
	journal={Mathematics of operations research},
	volume={4},
	number={3},
	pages={233--235},
	year={1979},
	publisher={INFORMS}
}

@online{dataset,
	author = {Maths Department of the University of Waterloo},
	title = {Travelling Salesman Problem Datasets - Sweden},
	url = {http://www.math.uwaterloo.ca/tsp/world/sw24978.tsp},
	urldate = {2015-04-07}
}
